@String{pub-AW          = "Ad{\-d}i{\-s}on-Wes{\-l}ey"}
@String{pub-AW:adr      = "Reading, MA, USA"}

@Book{Knuth:ct-a,
  author =       "Donald E. Knuth",
  title =        "The {\TeX}book",
  publisher =    pub-AW,
  address =      pub-AW:adr,
  year =         "1986",
  series =       "Computers and Typesetting",
  ISBN =         "0-201-13447-0",
  LCCN =         "Z253.4.T47 K58 1986",
  pages =        "ix + 483",
  bibdate =      "Wed Dec 15 10:36:52 1993",
}

@Book{Lamport:LDP85,
  author =       "Leslie Lamport",
  title =        "{\LaTeX} --- A Document Preparation System ---
                 User's Guide and Reference Manual",
  publisher =    pub-AW,
  address =      pub-AW:adr,
  year =         "1985",
  ISBN =         "0-201-15790-X",
  LCCN =         "Z253.4.L38 L35 1986",
  pages =        "xiv + 242",
  bibdate =      "Wed Dec 15 10:38:04 1993",
}

@misc{fcm-red,
  author = "Zbyszko Kr{\'o}likowski and Maciej Drozdowski",
  title = "{Jak pisać pracę dyplomową? Uwagi o formie. Zasady redakcji pracy dyplomowej.}",
  howpublished = "[on-line] \url{www.fcm.put.poznan.pl/platon/dokumenty/dlaStudentow/egzaminDyplomowy/zasadyRedakcji}",
  year = "2006",
}

@inproceedings{conf/vrst/WebelKZ08,
  added-at = {2008-11-12T00:00:00.000+0100},
  author = {Webel, Sabine and Keil, Jens and Zoellner, Michael},
  biburl = {http://www.bibsonomy.org/bibtex/2eeedd541f979a2dbd07cb33feb6a6f1a/dblp},
  booktitle = {VRST},
  crossref = {conf/vrst/2008},
  date = {2008-11-12},
  description = {dblp},
  editor = {Feiner, Steven and Thalmann, Daniel and Guitton, Pascal and Fröhlich, Bernd and Kruijff, Ernst and Hachet, Martin},
  ee = {http://doi.acm.org/10.1145/1450579.1450644},
  interhash = {a1bfeb3665329e06740cbd7a887a0e77},
  intrahash = {eeedd541f979a2dbd07cb33feb6a6f1a},
  isbn = {978-1-59593-951-7},
  keywords = {dblp},
  pages = {263-264},
  publisher = {ACM},
  timestamp = {2008-11-12T00:00:00.000+0100},
  title = {Multi-touch gestural interaction in X3D using hidden Markov models.},
  url = {http://dblp.uni-trier.de/db/conf/vrst/vrst2008.html#WebelKZ08},
  year = 2008
}

@misc{mdro,
  author = "Maciej Drozdowski",
  title = "Jak pisać prace dyplomowe -- uwagi o formie",
  howpublished = "[on-line] \url{http://www.cs.put.poznan.pl/mdrozdowski/dyd/txt/jak_mgr.html}",
  year = {2006},
}
